@article{arthur2007structure,
  title={The structure of invention},
  author={Arthur, W Brian},
  journal={Research Policy},
  volume={36},
  number={2},
  pages={274--287},
  year={2007},
  publisher={Elsevier}
}

@article{dahlin2005invention,
  title={When is an invention really radical?: Defining and measuring technological radicalness},
  author={Dahlin, Kristina B and Behrens, Dean M},
  journal={Research Policy},
  volume={34},
  number={5},
  pages={717--737},
  year={2005},
  publisher={Elsevier}
}

@article{rontgen,
	title = "On a new kind or rays ",
	journal = "Journal of the Franklin Institute ",
	volume = "141",
	number = "3",
	pages = "183 - 191",
	year = "1896",
	note = "",
	issn = "0016-0032",
	doi = "http://dx.doi.org/10.1016/S0016-0032(96)90066-6",
	url = "http://www.sciencedirect.com/science/article/pii/S0016003296900666",
	author = "W.C. Röntgen"
}

@book{suetens,
  title={Fundamentals of medical imaging},
  author={Suetens, Paul},
  year={2009},
  publisher={Cambridge University Press}
}